@book{vapnik1999nature,
  title={The Nature of Statistical Learning Theory},
  author={Vapnik, V.},
  isbn={9780387987804},
  lccn={99039803},
  series={Information Science and Statistics},
  url={https://books.google.se/books?id=sna9BaxVbj8C},
  year={1999},
  publisher={Springer New York}
}